<record xmlns:xsi="http://www.w3.org/2001/XMLSchema-instance" xmlns="http://www.loc.gov/MARC21/slim" xsi:schemaLocation="http://www.loc.gov/MARC21/slim http://www.loc.gov/standards/marcxml/schema/MARC21slim.xsd">

  <leader>00422nam a2200121Ia 4500</leader>
  <datafield tag="090" ind2=" " ind1=" ">
    <subfield code="a">CD #181</subfield>
  </datafield>
  <datafield ind2=" " tag="110" ind1=" ">
    <subfield code="a">Junta Administradora del Fondo de Ahorro y Préstamo, UCR</subfield>
  </datafield>
  <datafield ind1=" " tag="245" ind2=" ">
    <subfield code="a">Informe Anual de labores 2007/ </subfield>
    <subfield code="c">Junta Administradora del Fondo de Ahorro y Préstamo, UCR</subfield>
  </datafield>
  <datafield ind1=" " tag="260" ind2=" ">
    <subfield code="a">[San José, Costa Rica] : </subfield>
    <subfield code="b">La Junta, </subfield>
    <subfield code="c">2007</subfield>
  </datafield>
  <datafield ind2=" " tag="300" ind1=" ">
    <subfield code="a">138 páginas : Disco Compacto</subfield>
  </datafield>
  <datafield ind1=" " tag="650" ind2=" ">
    <subfield code="a">INFORMES ANUALES</subfield>
  </datafield>
  <datafield tag="942" ind2=" " ind1=" ">
    <subfield code="p">003468 </subfield>
  </datafield>
  <datafield ind1=" " tag="999" ind2=" ">
    <subfield code="c">2459</subfield>
    <subfield code="d">2459</subfield>
  </datafield>
</record>